<?xml version="1.0" encoding="UTF-8"?><collection xmlns="http://www.loc.gov/MARC21/slim"><record><leader>00610nam--2200205-i-4500</leader><controlfield tag="001">000015323</controlfield><controlfield tag="002">20161230</controlfield><controlfield tag="005">20161230201031</controlfield><controlfield tag="008">060222s1000------------r-----000-0-fre-d</controlfield><datafield ind1=" " ind2=" " tag="040"><subfield code="a">IFIN-HH</subfield></datafield><datafield ind1=" " ind2=" " tag="041"><subfield code="a">fre</subfield></datafield><datafield ind1=" " ind2=" " tag="080"><subfield code="a">531.01</subfield></datafield><datafield ind1="1" ind2=" " tag="100"><subfield code="a">Appell, P</subfield></datafield><datafield ind1="1" ind2="0" tag="245"><subfield code="a">Precis de mecanique rationnelle</subfield><subfield code="b">Introduction a l'etude de la physique et de la mecanique appliquee</subfield><subfield code="c">P. appell, s. dautheville</subfield></datafield><datafield ind1=" " ind2=" " tag="250"><subfield code="a">Troisieme Edition Revue Et Augmentee</subfield></datafield><datafield ind1=" " ind2=" " tag="260"><subfield code="a">Paris</subfield><subfield code="b">Gauthier-villars Et C-ie</subfield><subfield code="c">1923</subfield></datafield><datafield ind1=" " ind2=" " tag="300"><subfield code="a">741 P</subfield></datafield><datafield ind1="1" ind2=" " tag="700"><subfield code="a">Dautheville, S</subfield></datafield><datafield ind1=" " ind2=" " tag="852"><subfield code="a">72047</subfield><subfield code="c">H.H</subfield></datafield><datafield ind1=" " ind2=" " tag="CAT"><subfield code="a">Sys</subfield><subfield code="c">20130417</subfield><subfield code="h">160657</subfield></datafield></record></collection>